@online {
    matplotplusplus,
    year={2021},
    author={Alan de Freitas},
    title={matplotplusplus},
    url={https://github.com/alandefreitas/matplotplusplus}
}
@online {
    mp-units,
    year={2021},
    author={Mateusz Pusz},
    title={units},
    url={https://github.com/mpusz/units}
}
